<record><leader>00000cas a22000007a 4500</leader><controlfield tag="001">11995485</controlfield><controlfield tag="008">850503d18611870nyucr ne      0    0eng d</controlfield><datafield ind1=" " ind2=" " tag="010"><subfield code="a">sn 85025977 </subfield></datafield><datafield ind1=" " ind2=" " tag="040"><subfield code="a">NPX</subfield><subfield code="b">eng</subfield><subfield code="c">NPX</subfield><subfield code="d">OCLCQ</subfield><subfield code="d">NDD</subfield><subfield code="d">OCLCF</subfield></datafield><datafield ind1="1" ind2=" " tag="029"><subfield code="a">AU@</subfield><subfield code="b">000025825275</subfield></datafield><datafield ind1=" " ind2=" " tag="042"><subfield code="a">msc</subfield></datafield><datafield ind1=" " ind2=" " tag="043"><subfield code="a">n-us-ny</subfield></datafield><datafield ind1="0" ind2=" " tag="130"><subfield code="a">Rochester Democrat (Rochester, N.Y. : Semiweekly)</subfield></datafield><datafield ind1="1" ind2="0" tag="245"><subfield code="a">Rochester Democrat.</subfield></datafield><datafield ind1="1" ind2="3" tag="246"><subfield code="a">Rochester semi-weekly Democrat and American</subfield></datafield><datafield ind1="1" ind2="3" tag="246"><subfield code="a">Semi-weekly Rochester Democrat and American</subfield></datafield><datafield ind1=" " ind2=" " tag="260"><subfield code="a">Rochester [N.Y.] :</subfield><subfield code="b">A. Strong &amp; Co.</subfield></datafield><datafield ind1=" " ind2=" " tag="300"><subfield code="a">v.</subfield></datafield><datafield ind1=" " ind2=" " tag="310"><subfield code="a">Semiweekly</subfield></datafield><datafield ind1="1" ind2=" " tag="362"><subfield code="a">Began in 1861; ceased in 1870.</subfield><subfield code="z">Cf. Gregory, W. Amer. newspapers.</subfield></datafield><datafield ind1=" " ind2=" " tag="500"><subfield code="a">"Semi-weekly and American" appears within title ornament, &lt;1862&gt;.</subfield></datafield><datafield ind1=" " ind2=" " tag="500"><subfield code="a">Republican. Cf. Rowell, 1869.</subfield></datafield><datafield ind1=" " ind2=" " tag="588"><subfield code="a">Description based on: Vol. 2, no. 38 (May 13, 1862).</subfield></datafield><datafield ind1=" " ind2="0" tag="651"><subfield code="a">Rochester (N.Y.)</subfield><subfield code="v">Newspapers.</subfield></datafield><datafield ind1=" " ind2="7" tag="655"><subfield code="a">Newspapers.</subfield><subfield code="2">fast</subfield><subfield code="0">(OCoLC)fst01423814</subfield></datafield><datafield ind1=" " ind2="7" tag="651"><subfield code="a">New York (State)</subfield><subfield code="z">Rochester.</subfield><subfield code="2">fast</subfield><subfield code="0">(OCoLC)fst01204680</subfield></datafield><datafield ind1=" " ind2=" " tag="752"><subfield code="a">United States</subfield><subfield code="b">New York</subfield><subfield code="c">Monroe</subfield><subfield code="d">Rochester.</subfield></datafield><datafield ind1="0" ind2=" " tag="775"><subfield code="t">Rochester daily Democrat and American (Rochester, N.Y. : 1861)</subfield><subfield code="w">(DLC)sn 84035532</subfield><subfield code="w">(OCoLC)11517190</subfield></datafield><datafield ind1="0" ind2=" " tag="775"><subfield code="t">Rochester daily Democrat (Rochester, N.Y. : 1864)</subfield><subfield code="w">(DLC)sn 84035533</subfield><subfield code="w">(OCoLC)11517238</subfield></datafield><datafield ind1="0" ind2="7" tag="785"><subfield code="t">Rochester semi-weekly chronicle</subfield><subfield code="w">(DLC)sn 84026364</subfield></datafield><datafield ind1="0" ind2="7" tag="785"><subfield code="t">Rochester Democrat and chronicle (Rochester, N.Y. : Semiweekly)</subfield><subfield code="w">(DLC)sn 85025976</subfield></datafield></record>